@inproceedings{shih2016look,
  title={Where to look: Focus regions for visual question answering},
  author={Shih, Kevin J and Singh, Saurabh and Hoiem, Derek},
  booktitle={Proceedings of the IEEE conference on computer vision and pattern recognition},
  pages={4613--4621},
  year={2016}
}

@inproceedings{nguyen2018improved,
	title={Improved fusion of visual and language representations by dense symmetric co-attention for visual question answering},
	author={Nguyen, Duy-Kien and Okatani, Takayuki},
	booktitle={Proceedings of the IEEE Conference on Computer Vision and Pattern Recognition},
	pages={6087--6096},
	year={2018}
}

@inproceedings{kim2018bilinear,
	title={Bilinear attention networks},
	author={Kim, Jin-Hwa and Jun, Jaehyun and Zhang, Byoung-Tak},
	booktitle={Advances in Neural Information Processing Systems},
	pages={1564--1574},
	year={2018}
}

@inproceedings{shi2018question,
	title={Question type guided attention in visual question answering},
	author={Shi, Yang and Furlanello, Tommaso and Zha, Sheng and Anandkumar, Animashree},
	booktitle={Proceedings of the European Conference on Computer Vision (ECCV)},
	pages={151--166},
	year={2018}
}

@article{wu2017visual,
	title={Visual question answering: A survey of methods and datasets},
	author={Wu, Qi and Teney, Damien and Wang, Peng and Shen, Chunhua and Dick, Anthony and van den Hengel, Anton},
	journal={Computer Vision and Image Understanding},
	volume={163},
	pages={21--40},
	year={2017},
	publisher={Elsevier}
}

@inproceedings{gurari2018vizwiz,
	title={Vizwiz grand challenge: Answering visual questions from blind people},
	author={Gurari, Danna and Li, Qing and Stangl, Abigale J and Guo, Anhong and Lin, Chi and Grauman, Kristen and Luo, Jiebo and Bigham, Jeffrey P},
	booktitle={Proceedings of the IEEE Conference on Computer Vision and Pattern Recognition},
	pages={3608--3617},
	year={2018}
}

@article{simonyan2014very,
	title={Very deep convolutional networks for large-scale image recognition},
	author={Simonyan, Karen and Zisserman, Andrew},
	journal={arXiv preprint arXiv:1409.1556},
	year={2014}
}

@inproceedings{he2016deep,
	title={Deep residual learning for image recognition},
	author={He, Kaiming and Zhang, Xiangyu and Ren, Shaoqing and Sun, Jian},
	booktitle={Proceedings of the IEEE conference on computer vision and pattern recognition},
	pages={770--778},
	year={2016}
}

@inproceedings{szegedy2015going,
	title={Going deeper with convolutions},
	author={Szegedy, Christian and Liu, Wei and Jia, Yangqing and Sermanet, Pierre and Reed, Scott and Anguelov, Dragomir and Erhan, Dumitru and Vanhoucke, Vincent and Rabinovich, Andrew},
	booktitle={Proceedings of the IEEE conference on computer vision and pattern recognition},
	pages={1--9},
	year={2015}
}

@article{cho2014learning,
	title={Learning phrase representations using RNN encoder-decoder for statistical machine translation},
	author={Cho, Kyunghyun and Van Merri{\"e}nboer, Bart and Gulcehre, Caglar and Bahdanau, Dzmitry and Bougares, Fethi and Schwenk, Holger and Bengio, Yoshua},
	journal={arXiv preprint arXiv:1406.1078},
	year={2014}
}

@article{hochreiter1997long,
	title={Long short-term memory},
	author={Hochreiter, Sepp and Schmidhuber, J{\"u}rgen},
	journal={Neural computation},
	volume={9},
	number={8},
	pages={1735--1780},
	year={1997},
	publisher={MIT Press}
}

@inproceedings{antol2015vqa,
	title={Vqa: Visual question answering},
	author={Antol, Stanislaw and Agrawal, Aishwarya and Lu, Jiasen and Mitchell, Margaret and Batra, Dhruv and Lawrence Zitnick, C and Parikh, Devi},
	booktitle={Proceedings of the IEEE international conference on computer vision},
	pages={2425--2433},
	year={2015}
}

@inproceedings{yang2016stacked,
	title={Stacked attention networks for image question answering},
	author={Yang, Zichao and He, Xiaodong and Gao, Jianfeng and Deng, Li and Smola, Alex},
	booktitle={Proceedings of the IEEE conference on computer vision and pattern recognition},
	pages={21--29},
	year={2016}
}

@inproceedings{lu2016hierarchical,
	title={Hierarchical question-image co-attention for visual question answering},
	author={Lu, Jiasen and Yang, Jianwei and Batra, Dhruv and Parikh, Devi},
	booktitle={Advances in neural information processing systems},
	pages={289--297},
	year={2016}
}

@article{ilievski2017simple,
	title={A simple loss function for improving the convergence and accuracy of visual question answering models},
	author={Ilievski, Ilija and Feng, Jiashi},
	journal={arXiv preprint arXiv:1708.00584},
	year={2017}
}